@article{shi2018heterogeneous,
  title={Heterogeneous information network embedding for recommendation},
  author={Shi, Chuan and Hu, Binbin and Zhao, Wayne Xin and Yu, Philip S},
  journal={IEEE transactions on knowledge and data engineering},
  volume={31},
  number={2},
  pages={357--370},
  year={2018},
  publisher={IEEE}
}

@article{qaffas2020towards,
  title={Towards an optimal personalization strategy in MOOCs},
  author={A. Qaffas, Alaa and Kaabi, Kaouther and Shadiev, Rustam and Essalmi, Fathi},
  journal={Smart Learning Environments},
  volume={7},
  number={1},
  pages={14},
  year={2020},
  publisher={Springer}
}

@inproceedings{yu2021mooccubex,
  title={MOOCCubeX: a large knowledge-centered repository for adaptive learning in MOOCs},
  author={Yu, Jifan and Wang, Yuquan and Zhong, Qingyang and Luo, Gan and Mao, Yiming and Sun, Kai and Feng, Wenzheng and Xu, Wei and Cao, Shulin and Zeng, Kaisheng and others},
  booktitle={Proceedings of the 30th ACM International Conference on Information \& Knowledge Management},
  pages={4643--4652},
  year={2021}
}

@inproceedings{wang2019kgat,
  title={Kgat: Knowledge graph attention network for recommendation},
  author={Wang, Xiang and He, Xiangnan and Cao, Yixin and Liu, Meng and Chua, Tat-Seng},
  booktitle={Proceedings of the 25th ACM SIGKDD international conference on knowledge discovery \& data mining},
  pages={950--958},
  year={2019}
}

@article{mustafeez2024comprehensive,
  title={A comprehensive review of course recommendation systems for moocs},
  author={Mustafeez ul Haque, Mohd and Kotaiah, Bonthu and Ahmed, Jameel},
  journal={International Journal of Computing and Digital Systems},
  volume={16},
  number={1},
  pages={1697--1712},
  year={2024},
  publisher={University of Bahrain}
}

@article{jordan2014initial_trend_mooc,
  title={Initial trends in enrolment and completion of massive open online courses},
  author={Jordan, Katy},
  journal={International Review of Research in Open and Distributed Learning},
  volume={15},
  number={1},
  pages={133--160},
  year={2014},
  publisher={{\'E}rudit}
}

@article{lin2023survey,
  title={A survey on reinforcement learning for recommender systems},
  author={Lin, Yuanguo and Liu, Yong and Lin, Fan and Zou, Lixin and Wu, Pengcheng and Zeng, Wenhua and Chen, Huanhuan and Miao, Chunyan},
  journal={IEEE Transactions on Neural Networks and Learning Systems},
  year={2023},
  publisher={IEEE}
}

@inproceedings{schlichtkrull2018modeling,
  title={Modeling relational data with graph convolutional networks},
  author={Schlichtkrull, Michael and Kipf, Thomas N and Bloem, Peter and Van Den Berg, Rianne and Titov, Ivan and Welling, Max},
  booktitle={The semantic web: 15th international conference, ESWC 2018, Heraklion, Crete, Greece, June 3--7, 2018, proceedings 15},
  pages={593--607},
  year={2018},
  organization={Springer}
}

@article{troyanskaya2001missingDNA,
  title={Missing value estimation methods for DNA microarrays},
  author={Troyanskaya, Olga and Cantor, Michael and Sherlock, Gavin and Brown, Pat and Hastie, Trevor and Tibshirani, Robert and Botstein, David and Altman, Russ B},
  journal={Bioinformatics},
  volume={17},
  number={6},
  pages={520--525},
  year={2001},
  publisher={Oxford University Press}
}

@article{nassar2020novel,
  title={A novel deep multi-criteria collaborative filtering model for recommendation system},
  author={Nassar, Nour and Jafar, Assef and Rahhal, Yasser},
  journal={Knowledge-Based Systems},
  volume={187},
  pages={104811},
  year={2020},
  publisher={Elsevier}
}

@article{achakulvisut2016science,
  title={Science Concierge: A fast content-based recommendation system for scientific publications},
  author={Achakulvisut, Titipat and Acuna, Daniel E and Ruangrong, Tulakan and Kording, Konrad},
  journal={PloS one},
  volume={11},
  number={7},
  pages={e0158423},
  year={2016},
  publisher={Public Library of Science San Francisco, CA USA}
}

@article{alfarhood2020cata++,
  title={CATA++: a collaborative dual attentive autoencoder method for recommending scientific articles},
  author={Alfarhood, Meshal and Cheng, Jianlin},
  journal={IEEE Access},
  volume={8},
  pages={183633--183648},
  year={2020},
  publisher={IEEE}
}

@inproceedings{xia2025mixrec,
  title={MixRec: Heterogeneous Graph Collaborative Filtering},
  author={Xia, Lianghao and Xie, Meiyan and Xu, Yong and Huang, Chao},
  booktitle={Proceedings of the Eighteenth ACM International Conference on Web Search and Data Mining},
  pages={136--145},
  year={2025}
}

@article{nguyen2024hbert4rec,
  title={H-BERT4Rec: Enhancing Sequential Recommendation System on MOOCs based on Heterogeneous Information Networks},
  author={Nguyen, Thu and Nguyen, Long and Tan-Vo, Khoa and Ta, Thu-Thuy and Thi, Mong-Thy Nguyen and Hoang, Tu-Anh Nguyen and Dinh, Ngoc-Thanh and Nguyen, Hong-Tri},
  journal={IEEE Access},
  year={2024},
  publisher={IEEE}
}

@article{li2023mhrr,
  title={Mhrr: Moocs recommender service with meta hierarchical reinforced ranking},
  author={Li, Yuchen and Xiong, Haoyi and Kong, Linghe and Zhang, Rui and Xu, Fanqin and Chen, Guihai and Li, Minglu},
  journal={IEEE Transactions on Services Computing},
  volume={16},
  number={6},
  pages={4467--4480},
  year={2023},
  publisher={IEEE}
}

@inproceedings{frej2024upgpr,
  title={Finding paths for explainable mooc recommendation: A learner perspective},
  author={Frej, Jibril and Shah, Neel and Knezevic, Marta and Nazaretsky, Tanya and K{\"a}ser, Tanja},
  booktitle={Proceedings of the 14th Learning Analytics and Knowledge Conference},
  pages={426--437},
  year={2024}
}

@book{Rubin2019statistical_analysis_missing_data,
  title={Statistical analysis with missing data},
  author={Little, Roderick JA and Rubin, Donald B},
  year={2019},
  publisher={John Wiley \& Sons}
}

@article{van2011mice,
  title={mice: Multivariate imputation by chained equations in R},
  author={Van Buuren, Stef and Groothuis-Oudshoorn, Karin},
  journal={Journal of statistical software},
  volume={45},
  pages={1--67},
  year={2011}
}

@inproceedings{kizilcec2015attrition_missing_MOOC,
  title={Attrition and achievement gaps in online learning},
  author={Kizilcec, Ren{\'e} F and Halawa, Sherif},
  booktitle={Proceedings of the second (2015) ACM conference on learning@ scale},
  pages={57--66},
  year={2015}
}

@article{ji2023critical_dataleakage_recommendersystem,
  title={A critical study on data leakage in recommender system offline evaluation},
  author={Ji, Yitong and Sun, Aixin and Zhang, Jie and Li, Chenliang},
  journal={ACM Transactions on Information Systems},
  volume={41},
  number={3},
  pages={1--27},
  year={2023},
  publisher={ACM New York, NY}
}

@article{rendle2012bprmf,
  title={BPR: Bayesian personalized ranking from implicit feedback},
  author={Rendle, Steffen and Freudenthaler, Christoph and Gantner, Zeno and Schmidt-Thieme, Lars},
  journal={arXiv preprint arXiv:1205.2618},
  year={2012}
}

@article{guo2017deepfm,
  title={DeepFM: a factorization-machine based neural network for CTR prediction},
  author={Guo, Huifeng and Tang, Ruiming and Ye, Yunming and Li, Zhenguo and He, Xiuqiang},
  journal={arXiv preprint arXiv:1703.04247},
  year={2017}
}

@inproceedings{van2000cbf,
  title={Using content-based filtering for recommendation},
  author={Van Meteren, Robin and Van Someren, Maarten},
  booktitle={Proceedings of the machine learning in the new information age: MLnet/ECML2000 workshop},
  volume={30},
  pages={47--56},
  year={2000},
}

@article{adomavicius2005toward,
  title={Toward the next generation of recommender systems: A survey of the state-of-the-art and possible extensions},
  author={Adomavicius, Gediminas and Tuzhilin, Alexander},
  journal={IEEE transactions on knowledge and data engineering},
  volume={17},
  number={6},
  pages={734--749},
  year={2005},
  publisher={IEEE}
}

@article{kipf2016semi,
  title={Semi-supervised classification with graph convolutional networks},
  author={Kipf, Thomas N and Welling, Max},
  journal={arXiv preprint arXiv:1609.02907},
  year={2016}
}

@inproceedings{mnih2015human,
  title={Human-level control through deep reinforcement learning},
  author={Mnih, Volodymyr and Kavukcuoglu, Koray and Silver, David and Rusu, Andrei A and others},
  booktitle={Nature},
  volume={518},
  pages={529--533},
  year={2015}
}

@book{aggarwal2016recommender,
  title={Recommender systems},
  author={Aggarwal, Charu C and others},
  volume={1},
  year={2016},
  publisher={Springer}
}

@article{nguyen2025data_quality,
  title={Data quality management in big data: Strategies, tools, and educational implications},
  author={Nguyen, Thu and Nguyen, Hong-Tri and Nguyen-Hoang, Tu-Anh},
  journal={Journal of Parallel and Distributed Computing},
  volume={200},
  pages={105067},
  year={2025},
  publisher={Elsevier}
}

@inproceedings{koren2008factorization,
  title={Factorization meets the neighborhood: a multifaceted collaborative filtering model},
  author={Koren, Yehuda},
  booktitle={Proceedings of the 14th ACM SIGKDD international conference on Knowledge discovery and data mining},
  pages={426--434},
  year={2008}
}

@inproceedings{cremonesi2010performance,
  title={Performance of recommender algorithms on top-n recommendation tasks},
  author={Cremonesi, Paolo and Koren, Yehuda and Turrin, Roberto},
  booktitle={Proceedings of the fourth ACM conference on Recommender systems},
  pages={39--46},
  year={2010}
}

@book{jannach2020recommender,
  author = {Jannach, Dietmar and Zanker, Markus and Felfernig, Alexander and Friedrich, Gerhard},
  title = {Recommender Systems: An Introduction},
  year = {2020},
  publisher = {Cambridge University Press},
  edition = {2nd},
  isbn = {9781107186071}
}

@inproceedings{covington2016youtube,
  author = {Covington, Paul and Adams, Jay and Sargin, Emre},
  title = {Deep Neural Networks for YouTube Recommendations},
  booktitle = {Proceedings of the 10th ACM Conference on Recommender Systems},
  year = {2016},
  pages = {191--198},
  publisher = {ACM},
}

@inproceedings{he2017neural,
  title={Neural collaborative filtering},
  author={He, Xiangnan and Liao, Lizi and Zhang, Hanwang and Nie, Liqiang and Hu, Xia and Chua, Tat-Seng},
  booktitle={Proceedings of the 26th international conference on world wide web},
  pages={173--182},
  year={2017}
}


@inproceedings{hamilton2017inductive,
  title={Inductive representation learning on large graphs},
  author={Hamilton, William L and Ying, Rex and Leskovec, Jure},
  booktitle={Advances in Neural Information Processing Systems},
  pages={1024--1034},
  year={2017}
}

@inproceedings{velivckovic2017graph,
  title={Graph attention networks},
  author={Veli{\v{c}}kovi{\'c}, Petar and Cucurull, Guillem and Casanova, Arantxa and Romero, Adriana and Lio, Pietro and Bengio, Yoshua},
  booktitle={International Conference on Learning Representations (ICLR)},
  year={2018}
}

@inproceedings{zhang2019hetgnn,
  title={Heterogeneous graph neural network},
  author={Zhang, Chuxu and Song, Dongjin and Huang, Chao and Swami, Ananthram and Chawla, Nitesh V},
  booktitle={Proceedings of the 25th ACM SIGKDD international conference on knowledge discovery \& data mining},
  pages={793--803},
  year={2019}
}

@inproceedings{xian2019pgpr,
  title={Reinforcement knowledge graph reasoning for explainable recommendation},
  author={Xian, Yikun and Fu, Zuohui and Muthukrishnan, Shan and De Melo, Gerard and Zhang, Yongfeng},
  booktitle={Proceedings of the 42nd international ACM SIGIR conference on research and development in information retrieval},
  pages={285--294},
  year={2019}
}

@inproceedings{kang2018self_attentive,
  title={Self-attentive sequential recommendation},
  author={Kang, Wang-Cheng and McAuley, Julian},
  booktitle={2018 IEEE international conference on data mining (ICDM)},
  pages={197--206},
  year={2018},
  organization={IEEE}
}

@inproceedings{tang2018personalized,
  title={Personalized top-n sequential recommendation via convolutional sequence embedding},
  author={Tang, Jiaxi and Wang, Ke},
  booktitle={Proceedings of the eleventh ACM international conference on web search and data mining},
  pages={565--573},
  year={2018}
}